% Encoding: UTF-8

@Article{shanghaihome,
  author  = {严加平 and 杨玉东},
  journal = {教育参考},
  title   = {新高考改革背景下高中生学习与生活状况调查研究 --- 基于对上海市高中生 2015--2017 年调查数据的分析},
  year    = {2018},
  number  = {3},
  pages   = {10--18},
}

@TechReport{planstormtech,
  author = {李子龙},
  title  = {暴风计划技术性报告},
  year   = {2017},
  month  = feb,
  url    = {https://logcreative.tech/assets/works/0118/planstorm.pdf},
}

@TechReport{planstormoverview,
  author = {李子龙},
  title  = {暴风计划统计总览},
  year   = {2017},
  month  = oct,
  url    = {https://logcreative.tech/assets/works/0133/Overview.pdf},
}

@TechReport{planstormrelation,
  author = {李子龙},
  title  = {高中学生作业时间与考试成绩的关系},
  year   = {2019},
  month  = dec,
  url    = {https://logcreative.tech/assets/works/0165/PSPaper.pdf},
}

@Proceedings{doublereduction,
  title        = {关于进一步减轻义务教育阶段学生作业负担和校外培训负担的意见},
  year         = {2021},
  month        = jul,
  organization = {中共中央办公厅~国务院办公厅},
  url          = {http://www.gov.cn/zhengce/2021-07/24/content_5627132.htm},
}

@Article{solver,
  author  = {李沁柯 and 夏柱智},
  journal = {中国青年研究},
  title   = {破碎的自我：“小镇做题家”的身份建构困境},
  year    = {2021},
  month   = jul,
  number  = {7},
  pages   = {81--88},
}

@Article{paracivil,
  author  = {周建国},
  journal = {江西社会科学},
  title   = {从“半城市化”到城市化：农民工城市化路径选择探究},
  year    = {2009},
  month   = nov,
  pages   = {181--186},
}

@Article{revolution,
  author  = {张志勇},
  journal = {当代工人},
  title   = {“双减”背后教育观念的大变革},
  year    = {2021},
  number  = {23},
}

@Article{phyquantity,
  author  = {朱兆锋 and 江如瑞 and 苏旭},
  journal = {物理通报},
  title   = {高中物理学科成绩与作业量相关性实践研究},
  year    = {2019},
  month   = oct,
  number  = {6},
  pages   = {6--12},
}

@Article{solveranalysis,
  author  = {代玉启 and 李济沅},
  journal = {中国青年研究},
  title   = {“小镇做题家”现象的透视与解析},
  year    = {2021},
  month   = jul,
  number  = {7},
  pages   = {89--94},
}

@Article{familyedu,
  author  = {邹薇 and 马占利},
  journal = {中国工业经济},
  title   = {家庭背景、代际传递与教育不平等},
  year    = {2019},
  number  = {2},
  pages   = {80--98},
}

@Article{pkurev,
  author  = {马莉萍 and 卜尚聪},
  journal = {北京大学教育评论},
  title   = {重点大学自主招生政策的选拔效果分析},
  year    = {2019},
  month   = apr,
  number  = {2},
  pages   = {109--126},
  volume  = {17},
}

@Article{fair,
  author  = {鲍威},
  journal = {教育发展研究},
  title   = {高校自主招生制度实施成效分析：公平性与效率性的视角},
  year    = {2012},
  number  = {19},
  pages   = {1--7},
  volume  = {32},
}

@Article{newrev,
  author  = {王新凤 and 钟秉林},
  journal = {高等教育研究},
  title   = {我国高校实施“强基计划”的缘由、目标与路径},
  year    = {2020},
  month   = jun,
  number  = {6},
  pages   = {34--40},
  volume  = {41},
}

@Comment{jabref-meta: databaseType:bibtex;}
